@book{collins_1984, 
        place={Cambridge}, 
        series={Cambridge Monographs on Mathematical Physics}, title={Renormalization: An Introduction to Renormalization, the Renormalization Group and the Operator-Product Expansion}, DOI={10.1017/CBO9780511622656}, publisher={Cambridge University Press}, 
        author={Collins, John C.}, 
        year={1984}, 
        collection={Cambridge Monographs on Mathematical Physics}
}

@book{schwartz,
      author         = "Schwartz, Matthew D.",
      title          = "{Quantum Field Theory and the Standard Model}",
      publisher      = "Cambridge University Press",
      year           = "2014",
      url            = "http://www.cambridge.org/us/academic/subjects/physics/theoretical-physics-and-mathematical-physics/quantum-field-theory-and-standard-model",
      ISBN           = "1107034736, 9781107034730",
      SLACcitation   = "%%CITATION = INSPIRE-1276589;%%"
}

@article{weinberg,
  title = {High-Energy Behavior in Quantum Field Theory},
  author = {Weinberg, Steven},
  journal = {Phys. Rev.},
  volume = {118},
  issue = {3},
  pages = {838--849},
  numpages = {0},
  year = {1960},
  month = {May},
  publisher = {American Physical Society},
  doi = {10.1103/PhysRev.118.838},
  url = {https://link.aps.org/doi/10.1103/PhysRev.118.838}
}
