@article{ELLIS2017103,
	Abstract = {TikZ-Feynman is a LaTeX package allowing Feynman diagrams to be easily generated within LaTeX with minimal user instructions and without the need of external programs. It builds upon the TikZ package and leverages the graph placement algorithms from TikZ in order to automate the placement of many vertices. TikZ-Feynman still allows fine-tuned placement of vertices so that even complex diagrams can be generated with ease.
Program summary
Program title: TikZ-Feynman Catalogue identifier: AFBF_v1_0 Program summary URL:http://cpc.cs.qub.ac.uk/summaries/AFBF_v1_0.html Program obtainable from: CPC Program Library, Queen's University, Belfast, N. Ireland Licensing provisions: GNU GPL v3 No. of lines in distributed program, including test data, etc.: 6727 No. of bytes in distributed program, including test data, etc.: 413779 Distribution format: tar.gz Programming language: TeX, LaTeX, Lua. Computer: PC's or workstations. Operating system: Any capable of processing LaTeX. Classification: 4.4. External routines: TikZ Nature of problem: Existing methods for drawing Feynman diagrams in LaTeX usually require external programs and are not very user friendly thereby making it difficult and time consuming to generate even simple diagrams. Solution method: TikZ-Feynman provides an easier way to draw Feynman diagrams by building on TikZ and using graph drawing algorithms to automatically place vertices. This can be combined with some positioning to produce complicated diagrams with relative ease. Running time: Depends on the size},
	Author = {Joshua P. Ellis},
	Doi = {https://doi.org/10.1016/j.cpc.2016.08.019},
	Issn = {0010-4655},
	Journal = {Computer Physics Communications},
	Keywords = {TiZ-Feynman, TiZ, LaTeX, Feynman diagrams},
	Pages = {103 - 123},
	Title = {TikZ-Feynman: Feynman diagrams with TikZ},
	Url = {http://www.sciencedirect.com/science/article/pii/S0010465516302521},
	Volume = {210},
	Year = {2017},
	Bdsk-Url-1 = {http://www.sciencedirect.com/science/article/pii/S0010465516302521},
	Bdsk-Url-2 = {https://doi.org/10.1016/j.cpc.2016.08.019}}
	
@book{schweber1994qed,
	keywords={recommended},
  title={QED and the men who made it: Dyson, Feynman, Schwinger, and Tomonaga},
  author={Schweber, Silvan S},
  year={1994},
  publisher={Princeton University Press}
}

@book{bjorken1965relmech,
	keywords={recommended},
  title={Relativistic quantum mechanics},
  author={Bjorken, James D and Drell, Sidney D},
  year={1965},
  publisher={McGraw-Hill}
}

@book{bjorken1965relfields,
	keywords={recommended},
  title={Relativistic quantum fields},
  author={Bjorken, James D and Drell, Sidney David},
  year={1965},
  publisher={McGraw-Hill}
}

@book{peskin2018introduction,
	keywords={recommended},
  title={An introduction to quantum field theory},
  author={Peskin, Michael E},
  year={2018},
  publisher={CRC Press}
}

@book{mandl2010quantum,
	keywords={recommended},
  title={Quantum field theory},
  author={Mandl, Franz and Shaw, Graham},
  year={2010},
  publisher={John Wiley \& Sons}
}

@book{ramond1997field,
	keywords={recommended},
  title={Field theory: a modern primer},
  author={Ramond, Pierre},
  year={1997},
  publisher={Westview press}
}

@book{srednicki2007quantum,
	keywords={recommended},
  title={Quantum field theory},
  author={Srednicki, Mark},
  year={2007},
  publisher={Cambridge University Press}
}

@book{schwartz2014quantum,
	keywords={recommended},
  title={Quantum field theory and the standard model},
  author={Schwartz, Matthew D},
  year={2014},
  publisher={Cambridge University Press}
}

